<?xml version="1.0" encoding="UTF-8" ?>
<collection xmlns:xsi="http://www.w3.org/2001/XMLSchema-instance" xsi:schemaLocation="http://www.loc.gov/MARC21/slim http://www.loc.gov/standards/marcxml/schema/MARC21slim.xsd" xmlns="http://www.loc.gov/MARC21/slim">
   <record>
      <leader>     cam a22     1  4500</leader>
      <controlfield tag="001">2885303</controlfield>
      <controlfield tag="003">COO</controlfield>
      <controlfield tag="005">20140811232450.0</controlfield>
      <controlfield tag="008">930223s1969    iq            000 0 ara  </controlfield>
      <datafield tag="010" ind1=" " ind2=" ">
         <subfield code="a">   70961616 /NE </subfield>
      </datafield>
      <datafield tag="035" ind1=" " ind2=" ">
         <subfield code="a">(CStRLIN)NYCXRLA80274B</subfield>
      </datafield>
      <datafield tag="035" ind1=" " ind2=" ">
         <subfield code="a">(NIC)notisAPD6469</subfield>
      </datafield>
      <datafield tag="035" ind1=" " ind2=" ">
         <subfield code="a">(OCoLC)11902994</subfield>
      </datafield>
      <datafield tag="035" ind1=" " ind2=" ">
         <subfield code="a">2885303</subfield>
      </datafield>
      <datafield tag="040" ind1=" " ind2=" ">
         <subfield code="a">DLC</subfield>
         <subfield code="c">TxU-L</subfield>
         <subfield code="d">TxU-L</subfield>
         <subfield code="d">CStRLIN</subfield>
         <subfield code="d">MH-L</subfield>
         <subfield code="d">UPRA</subfield>
      </datafield>
      <datafield tag="043" ind1=" " ind2=" ">
         <subfield code="a">a-iq---</subfield>
      </datafield>
      <datafield tag="050" ind1=" " ind2="4">
         <subfield code="a">KMH3794</subfield>
         <subfield code="b">1969</subfield>
      </datafield>
      <datafield tag="100" ind1="1" ind2=" ">
         <subfield code="a">Iraq.</subfield>
      </datafield>
      <datafield tag="245" ind1="1" ind2="0">
         <subfield code="a">Qānūn alʻuqūbāt al-jadīd.</subfield>
         <subfield code="c">Ashrafa ʻalá ṭabʻihi wa-ʻallaqa ʻalayhi Kāmil al-Sāmarrāʾī.</subfield>
      </datafield>
      <datafield tag="260" ind1=" " ind2=" ">
         <subfield code="a">Baghdād,</subfield>
         <subfield code="b">Maṭbaʻat al-Azhar,</subfield>
         <subfield code="c">1969.</subfield>
      </datafield>
      <datafield tag="300" ind1=" " ind2=" ">
         <subfield code="a">207 p.</subfield>
         <subfield code="c">24 cm.</subfield>
      </datafield>
      <datafield tag="440" ind1=" " ind2="3">
         <subfield code="a">al-Majmūʻah al-dāʾimah lil-qawānīn wa-al-anẓimah al-ʻIrāqīyah  al-muwaḥḥadah</subfield>
      </datafield>
      <datafield tag="500" ind1=" " ind2=" ">
         <subfield code="a">&quot;Qānūn al-ʻuqūbāt raqm 111 li-sanat 1969&quot;: p. 8.</subfield>
      </datafield>
      <datafield tag="650" ind1=" " ind2="0">
         <subfield code="a">Criminal law</subfield>
         <subfield code="z">Iraq.</subfield>
      </datafield>
      <datafield tag="700" ind1="1" ind2=" ">
         <subfield code="a">Sāmarrāʾī, Kāmil.</subfield>
      </datafield>
      <datafield tag="710" ind1="1" ind2="2">
         <subfield code="a">Iraq.</subfield>
         <subfield code="t">Qānūn al-ʻuqūbāt.</subfield>
      </datafield>
      <datafield tag="905" ind1=" " ind2=" ">
         <subfield code="a">19981217120000.0</subfield>
      </datafield>
      <datafield tag="950" ind1=" " ind2=" ">
         <subfield code="l">LAFO</subfield>
         <subfield code="a">KF3157</subfield>
         <subfield code="b">.C7;1969</subfield>
      </datafield>
      <datafield tag="903" ind1=" " ind2=" ">
         <subfield code="a">NYUACO</subfield>
         <subfield code="d">20141028</subfield>
         <subfield code="p">31924025060355</subfield>
      </datafield>
      <datafield tag="950" ind1=" " ind2=" ">
         <subfield code="a">KMJ3794</subfield>
         <subfield code="b">1969</subfield>
         <subfield code="v"> </subfield>
      </datafield>
   </record>
</collection>
